@article{Drela2007,
author = {Drela, Mark and Aero, M I T},
number = {February},
pages = {2--4},
title = {{First-Order DC Electric Motor Model Fundamental relations Motor Parameter Measurement}},
volume = {1},
year = {2007}
}
